<?xml version="1.0" encoding="UTF-8"?>
<collection xmlns:xsi="http://www.w3.org/2001/XMLSchema-instance" xsi:schemaLocation="http://www.loc.gov/MARC21/slim http://www.loc.gov/standards/marcxml/schema/MARC21slim.xsd" xmlns="http://www.loc.gov/MARC21/slim">
<record>
  <leader>01270cam a2200277 a 4500</leader>
  <controlfield tag="001">639088</controlfield>
  <controlfield tag="003">NNC</controlfield>
  <controlfield tag="005">20100307230717.0</controlfield>
  <controlfield tag="008">870827m19859999ir       b    000 0 ara d</controlfield>
  <datafield tag="035" ind1=" " ind2=" ">
    <subfield code="a">(OCoLC)28859343</subfield>
  </datafield>
  <datafield tag="035" ind1=" " ind2=" ">
    <subfield code="a">(OCoLC)ocm28859343</subfield>
  </datafield>
  <datafield tag="035" ind1=" " ind2=" ">
    <subfield code="a">(CStRLIN)NYCG88-B24780</subfield>
  </datafield>
  <datafield tag="035" ind1=" " ind2=" ">
    <subfield code="a">(NNC)639088</subfield>
  </datafield>
  <datafield tag="040" ind1=" " ind2=" ">
    <subfield code="a">NjP</subfield>
    <subfield code="c">NjP</subfield>
  </datafield>
  <datafield tag="090" ind1=" " ind2=" ">
    <subfield code="a">BP161.2</subfield>
    <subfield code="b">.A84 1985</subfield>
  </datafield>
  <datafield tag="100" ind1="1" ind2=" ">
    <subfield code="a">ʻAskarī, Murtaḍá.</subfield>
  </datafield>
  <datafield tag="245" ind1="1" ind2="0">
    <subfield code="a">Maʻālim al-madrasatayn :</subfield>
    <subfield code="b">buḥūth mumahhadah li-tawḥīd kalimat al-Muslimin /</subfield>
    <subfield code="c">taʾlīf Murtaḍá al-ʻAskarī.</subfield>
  </datafield>
  <datafield tag="250" ind1=" " ind2=" ">
    <subfield code="a">al-Ṭabʻah 2.</subfield>
  </datafield>
  <datafield tag="260" ind1=" " ind2=" ">
    <subfield code="a">Ṭahrān :</subfield>
    <subfield code="b">Qism al-Dirāsāt al-Islāmīyah, Muʾassasat al-Biʻthah,</subfield>
    <subfield code="c">1406-     [i.e. 1985 or 1986-    ]</subfield>
  </datafield>
  <datafield tag="300" ind1=" " ind2=" ">
    <subfield code="a">v. ;</subfield>
    <subfield code="c">24 cm.</subfield>
  </datafield>
  <datafield tag="500" ind1=" " ind2=" ">
    <subfield code="a">Vol. 2-  have edition statement: Ṭabʻah 1.</subfield>
  </datafield>
  <datafield tag="504" ind1=" " ind2=" ">
    <subfield code="a">Includes bibliographical references.</subfield>
  </datafield>
  <datafield tag="505" ind1="1" ind2=" ">
    <subfield code="a">al-mujallad 1. Buḥūth al-madrasatayn fi al-ṣaḥābah wa-al-imāmah. -- al-mujallad 2. Buḥūth al-madrasatayn fī maṣādir al-sharīʻah al-Islāmīyah  wa-subul al-wuṣūl ilayhā. --  al-mujallad 3. Maṣādir al-sharīʻah al-Islāmīyah wa-athar qiyām al-imām al-Ḥusayn fī iḥyāʾ sunnat al-Rasūl --</subfield>
  </datafield>
  <datafield tag="650" ind1=" " ind2="0">
    <subfield code="a">Islam.</subfield>
  </datafield>
  <datafield tag="955" ind1=" " ind2=" ">
    <subfield code="b">0064909301</subfield>
    <subfield code="d">glx</subfield>
    <subfield code="e">BP161.2 .A76 1985g</subfield>
    <subfield code="v">v.2</subfield>
  </datafield>
</record>
</collection>